@inproceedings{minh2008stamp,
  title={STAMP: Stanford transactional applications for multi-processing},
  author={Minh, Chi Cao and Chung, JaeWoong and Kozyrakis, Christos and Olukotun, Kunle},
  booktitle={2008 IEEE International Symposium on Workload Characterization},
  pages={35--46},
  year={2008},
  organization={IEEE}
}

@article{lee1961algorithm,
  title={An algorithm for path connections and its applications},
  author={Lee, Chin Yang},
  journal={IRE transactions on electronic computers},
  number={3},
  pages={346--365},
  year={1961},
  publisher={IEEE}
}
@inproceedings{watson2007study,
  title={A study of a transactional parallel routing algorithm},
  author={Watson, Ian and Kirkham, Chris and Luj{\'a}n, Mikel},
  booktitle={16th International Conference on Parallel Architecture and Compilation Techniques (PACT 2007)},
  pages={388--400},
  year={2007},
  organization={IEEE}
}
@article{pop2002genome,
  title={Genome sequence assembly: Algorithms and issues},
  author={Pop, Mihai and Salzberg, Steven L and Shumway, Martin},
  journal={Computer},
  volume={35},
  number={7},
  pages={47--54},
  year={2002},
  publisher={IEEE}
}


@inproceedings{swalens2016transactional,
  title={Transactional Tasks: Parallelism in Software Transactions},
  author={Swalens, Janwillem and De Koster, Joeri and De Meuter, Wolfgang},
  booktitle={30th European Conference on Object-Oriented Programming (ECOOP 2016)},
  year={2016},
  organization={Schloss Dagstuhl-Leibniz-Zentrum fuer Informatik}
}

